@misc{debenedetti2024agentdojo,
      title={AgentDojo: A Dynamic Environment to Evaluate Attacks and Defenses for LLM Agents},
      author={Edoardo Debenedetti and Jie Zhang and Mislav Balunović and Luca Beurer-Kellner and Marc Fischer and Florian Tramèr},
      year={2024},
      eprint={2406.13352},
      archivePrefix={arXiv},
      primaryClass={cs.CR}
}
