@misc{postgres_github,
  author       = "{PostgreSQL Global Development Group}",
  title        = "PostgreSQL Source Code Repository",
  howpublished = "\url{https://github.com/postgres/postgres}",
  note         = "Accessed: 2024-11-17"
}

@article{abid2019gradio,
  title = {Gradio: Hassle-Free Sharing and Testing of ML Models in the Wild},
  author = {Abid, Abubakar and Abdalla, Ali and Abid, Ali and Khan, Dawood and Alfozan, Abdulrahman and Zou, James},
  journal = {arXiv preprint arXiv:1906.02569},
  year = {2019},
}

@misc{fastapi,
  author       = {Sebastián Ramírez and the FastAPI Contributors},
  title        = {FastAPI: A modern, fast, web framework for Python},
  year         = {2018},
  url          = {https://github.com/fastapi/fastapi},
  note         = {Accessed: 2024-11-17}
}

@article{poess2000new,
  title={New TPC benchmarks for decision support and web commerce},
  author={Poess, Meikel and Floyd, Chris},
  journal={ACM Sigmod Record},
  volume={29},
  number={4},
  pages={64--71},
  year={2000},
  publisher={ACM New York, NY, USA}
}

@misc{plotly,
    author = {Plotly Technologies Inc.},
    title = {Collaborative data science},
    publisher = {Plotly Technologies Inc.},
    address = {Montreal, QC},
    year = {2015},
    url = {https://plot.ly}
}

@article{igraph,
    title = {The igraph software package for complex network research},
    author = {Gabor Csardi and Tamas Nepusz},
    journal = {InterJournal},
    volume = {Complex Systems},
    pages = {1695},
    year = {2006},
    url = {https://igraph.org},
}

@article{reingold1981tidier,
  title={Tidier drawings of trees},
  author={Reingold, Edward M. and Tilford, John S.},
  journal={IEEE Transactions on software Engineering},
  number={2},
  pages={223--228},
  year={1981},
  publisher={IEEE}
}

@article{lhoest2021datasets,
  title={Datasets: A community library for natural language processing},
  author={Lhoest, Quentin and Del Moral, Albert Villanova and Jernite, Yacine and Thakur, Abhishek and Von Platen, Patrick and Patil, Suraj and Chaumond, Julien and Drame, Mariama and Plu, Julien and Tunstall, Lewis and others},
  journal={arXiv preprint arXiv:2109.02846},
  year={2021}
}
