@article{katoh2012adding,
  title={Adding unaligned sequences into an existing alignment using MAFFT and LAST},
  author={Katoh, Kazutaka and Frith, Martin C},
  journal={Bioinformatics},
  volume={28},
  number={23},
  pages={3144--3146},
  year={2012},
  publisher={Oxford University Press}
}

@online{quickalign,
  title = {QuickAlign},
  url = {https://www.hiv.lanl.gov/content/sequence/QUICK_ALIGNv2/QuickAlign.html}
}